@inproceedings{danos2012graphs,
  title={Graphs, rewriting and pathway reconstruction for rule-based models},
  author={Danos, Vincent and Feret, J{\'e}r{\^o}me and Fontana, Walter and
Harmer, Russell and Hayman, Jonathan and Krivine, Jean and Thompson-Walsh, Chris
and Winskel, Glynn},
  booktitle={LIPIcs-Leibniz International Proceedings in Informatics},
  volume={18},
  year={2012},
  organization={Schloss Dagstuhl-Leibniz-Zentrum fuer Informatik}
}

@misc{maude,
    title = {Maude Overview},
    year = {2014},
    note = {\url{http://maude.cs.illinois.edu/w/index.php?title=Maude_Overview}}
}

@inproceedings{jijkoun2007learning,
  title={Learning to transform linguistic graphs},
  author={Jijkoun, Valentin and De Rijke, Maarten and others},
  booktitle={Proc. of the Second Workshop on TextGraphs: Graph-Based Algorithms
for Natural Language Processing (TextGraphs-2)},
  pages={53--60},
  year={2007}
}

@article{zhu2007stochastic,
  title={A stochastic grammar of images},
  author={Zhu, Song-Chun and Mumford, David and others},
  journal={Foundations and Trends{\textregistered} in Computer Graphics and
Vision},
  volume={2},
  number={4},
  pages={259--362},
  year={2007},
  publisher={Now Publishers, Inc.}
}

@inproceedings{oates2003estimating,
  title={Estimating maximum likelihood parameters for stochastic context-free
graph grammars},
  author={Oates, Tim and Doshi, Shailesh and Huang, Fang},
  booktitle={International Conference on Inductive Logic Programming},
  pages={281--298},
  year={2003},
  organization={Springer}
}

@inproceedings{kukluk2007learning,
  title={Learning Node Replacement Graph Grammars in Metabolic Pathways.},
  author={Kukluk, Jacek P and You, Chang Hun and Holder, Lawrence B and Cook,
Diane J},
  booktitle={BIOCOMP},
  pages={44--50},
  year={2007}
}

@inproceedings{jonyer2002concept,
  title={Concept formation using graph grammars},
  author={Jonyer, Istvan and Holder, L and Cook, D},
  booktitle={Proceedings of the {KDD} Workshop on Muti-Relational Data Mining},
  year={2002}
}

@article{jonyer2004mdl,
  title={MDL-based context-free graph grammar induction and applications},
  author={Jonyer, Istvan and Holder, Lawrence B and Cook, Diane J},
  journal={International Journal on Artificial Intelligence Tools},
  volume={13},
  number={01},
  pages={65--79},
  year={2004},
  publisher={World Scientific}
}

@inproceedings{danos2012graphs,
  title={Graphs, rewriting and pathway reconstruction for rule-based models},
  author={Danos, Vincent and Feret, Jerome and Fontana, Walter and
Harmer, Russell and Hayman, Jonathan and Krivine, Jean and Thompson-Walsh, Chris
and Winskel, Glynn},
  booktitle={LIPIcs-Leibniz International Proceedings in Informatics},
  volume={18},
  year={2012},
  organization={Schloss Dagstuhl-Leibniz-Zentrum fuer Informatik}
}

@book{gg_handbook,
  title={Handbook of graph grammars and computing by graph transformation},
  author={Ehrig, Hartmut and Rozenberg, Grzegorz and Kreowski, Hans-J{\"o}rg},
  volume={3},
  year={1999},
  publisher={world Scientific}
}

@book{kearns1994,
  title={An introduction to computational learning theory},
  author={Kearns, Michael J and Vazirani, Umesh Virkumar},
  year={1994},
  publisher={MIT press}
}

@inproceedings{litovsky,
 author = {Litovsky, Igor and M{\'e}tivier, Yves and Zielonka, Wieslaw},
 title = {The Power and the Limitations of Local Computations on Graphs},
 booktitle = {Proceedings of the 18th International Workshop on Graph-Theoretic
Concepts in Computer Science},
 series = {WG '92},
 year = {1993},
 pages = {333--345},
} 

@article{klavins,
  title={A grammatical approach to self-organizing robotic systems},
  author={Klavins, Eric and Ghrist, Robert and Lipsky, David},
  journal={IEEE Transactions on Automatic Control},
  volume={51},
  number={6},
  pages={949--962},
  year={2006},
  publisher={IEEE},
}

@article{premise11,
  author    = {Jesse Alama and
               Daniel K{\"{u}}hlwein and
               Evgeni Tsivtsivadze and
               Josef Urban and
               Tom Heskes},
  title     = {Premise Selection for Mathematics by Corpus Analysis and Kernel
Methods},
  journal   = {CoRR},
  volume    = {abs/1108.3446},
  year      = {2011},
  url       = {http://arxiv.org/abs/1108.3446},
  timestamp = {Mon, 05 Dec 2011 18:05:35 +0100},
}

@article{premiseNN,
  author    = {Alexander A. Alemi and
               Fran{\c{c}}ois Chollet and
               Geoffrey Irving and
               Christian Szegedy and
               Josef Urban},
  title     = {DeepMath - Deep Sequence Models for Premise Selection},
  journal   = {CoRR},
  volume    = {abs/1606.04442},
  year      = {2016},
  url       = {http://arxiv.org/abs/1606.04442},
  timestamp = {Fri, 16 Dec 2016 18:02:01 +0100},
}

@inbook{egerstedt,
  booktitle={Graph theoretic methods in multiagent networks},
  title={Chapter 11: Synthesis of Networks},
  author={Mesbahi, Mehran and Egerstedt, Magnus},
  year={2010},
  publisher={Princeton University Press}
}
